@article{gross,
title={Out of the mainstream: Sexual minorities and the mass media},
  author={Gross, Larry},
  journal={Media and cultural studies},
  pages={405--423},
  year={2001}
}

@article{gerbner1976living,
  title={Living with television: The violence profile},
  author={Gerbner, George and Gross, Larry},
  journal={Journal of communication},
  volume={26},
  number={2},
  pages={172--194},
  year={1976},
  publisher={Wiley Online Library}
}

@article{lull2003hegemony,
  title={Hegemony},
  author={Lull, James},
  journal={Gender, Race, and Class in the Media. A Text-Reader. Ed. Gail Dines and Jean M. Humez},
  pages={61--67},
  year={2003}
}

@article{queermediocrity,
title={They Should Suffer Like the Rest of Us: Queer Equality in Narrative Mediocrity},
  author={Kessler, Kelly},
  journal={Cinema Journal},
  volume={50},
  number={2},
  pages={139--144},
  year={2011},
  publisher={University of Texas Press}
}

@misc{alexia,
author = {alexa.com},
title = {Top Sites Ranked by Category: Comic Strips and Panels},
year = {2013},
url = {http://www.alexa.com/topsites/category/Top/Arts/
Comics/Comic\_Strips\_and\_Panels},
lastchecked = {Feb. 26, 2013}
}

@article{visibility,
author = {Dana Heller},
year = {2011},
title ={Visibility and Its Discontents: Queer Television Studies},
journal = {GLQ: A Journal of Lesbian and Gay Studies},
publisher = {Dike University Press}
}

@misc{hollywood,
author = {Nellie Andreeva},
year = {2012},
title = {Full 2011-2012 TV Season Series Rankings},
url = {http://www.deadline.com /2012/05/ full-2011-2012-tv- season-series-rankings/},
urldate = {April 14 2013}
}

@article{mcallister2001introducing,
  title={Introducing comics and ideology},
  author={McAllister, Matthew P and Sewell Jr, Edward H and Gordon, Ian},
  journal={Matthew McAllister, Edward Sewell, y Ian Gordon Comics \& Ideology},
  pages={1--14},
  year={2001}
}

@article{brabant1997sex,
  title={Sex role stereotyping in the Sunday comics: A twenty year update},
  author={Brabant, Sarah and Mooney, Linda A},
  journal={Sex Roles},
  volume={37},
  number={3-4},
  pages={269--281},
  year={1997},
  publisher={Springer}
}

@article{varma2007women,
  title={Women in computing: The role of geek culture},
  author={Varma, Roli},
  journal={Science as culture},
  volume={16},
  number={4},
  pages={359--376},
  year={2007},
  publisher={Taylor \& Francis}
}

@article{finn2004survey,
  title={A survey of online harassment at a university campus},
  author={Finn, Jerry},
  journal={Journal of Interpersonal violence},
  volume={19},
  number={4},
  pages={468--483},
  year={2004},
  publisher={Sage Publications}
}

@misc{pa,
  title={Pernny Arcade},
  author={Jerry Holkins and Mike Krahulik},
  year={1998-2013},
  url={http://www.penny-arcade.com/},
  urldate={March 28, 2013}
}

@misc{xkcd,
  title={xkcd},
  author={Randall Munroe},
  year={2006-2013},
  url={http://xkcd.com/},
  urldate={April 4, 2013}
}

@misc{ch,
  title={Cyanide and Happiness},
  author={Kris Wilson and Rob DenBleyker and Matt Melvin and Dave McElfatric},
  year={2004-2013},
  urldate={April 5, 2013}
  }

@misc{qc,
  title={Questionable Content},
  author={Jeph Jaques},
  year={2003-2013},
  url={http://questionablecontent.net/},
  urldate={April 9, 2013}
  }

@misc{smbc,
  title={Sunday Morning Breakfast Cereal},
  author={Zach Weiner},
  year={2002-2013},
  url={http://www.smbc-comics.com/},
  urldate={April 7, 2013}
  }

@article{taylor2009cheerleaders,
  title={Cheerleaders/booth babes/Halo hoes: pro-gaming, gender and jobs for the boys},
  author={Taylor, Nicholas and Jenson, Jen and de Castell, Suzanne},
  journal={Digital Creativity},
  volume={20},
  number={4},
  pages={239--252},
  year={2009},
  publisher={Taylor \& Francis}
}

@article{wenzel2000antecedents,
  title={Antecedents of physical and sexual victimization among homeless women: A comparison to homeless men},
  author={Wenzel, Suzanne L and Koegel, Paul and Gelberg, Lillian},
  journal={American journal of community psychology},
  volume={28},
  number={3},
  pages={367--390},
  year={2000},
  publisher={Springer}
}